
@article{danielInvestorPsychologySecurity1998,
  title = {Investor {{Psychology}} and {{Security Market Under}}- and {{Overreactions}}},
  author = {Daniel, Kent and Hirshleifer, David and Subrahmanyam, Avanidhar},
  year = {1998},
  volume = {53},
  pages = {1839--1885},
  issn = {1540-6261},
  doi = {10/bkwsts},
  abstract = {We propose a theory of securities market under- and overreactions based on two well-known psychological biases: investor overconfidence about the precision of private information; and biased self-attribution, which causes asymmetric shifts in investors' confidence as a function of their investment outcomes. We show that overconfidence implies negative long-lag autocorrelations, excess volatility, and, when managerial actions are correlated with stock mispricing, public-event-based return predictability. Biased self-attribution adds positive short-lag autocorrelations (``momentum''), short-run earnings ``drift,'' but negative correlation between future returns and long-term past stock market and accounting performance. The theory also offers several untested implications and implications for corporate financial policy.},
  annotation = {\_eprint: https://onlinelibrary.wiley.com/doi/pdf/10.1111/0022-1082.00077},
  copyright = {\textcopyright{} 1998 the American Finance Association},
  file = {/Users/vicky/Desktop/我的文件/Zotero/storage/8C7MVC93/Daniel 等。 - 1998 - Investor Psychology and Security Market Under- and.pdf;/Users/vicky/Desktop/我的文件/Zotero/storage/GLH9M3VC/0022-1082.html},
  journal = {The Journal of Finance},
  language = {en},
  number = {6}
}

@article{grinblattProspectTheoryMental2005,
  title = {Prospect Theory, Mental Accounting, and Momentum},
  author = {Grinblatt, Mark and Han, Bing},
  year = {2005},
  month = nov,
  volume = {78},
  pages = {311--339},
  issn = {0304-405X},
  doi = {10/cvkcdg},
  abstract = {The tendency of some investors to hold on to their losing stocks, driven by prospect theory and mental accounting, creates a spread between a stock's fundamental value and its equilibrium price, as well as price underreaction to information. Spread convergence, arising from the random evolution of fundamental values and the updating of reference prices, generates predictable equilibrium prices interpretable as possessing momentum. Empirically, a variable proxying for aggregate unrealized capital gains appears to be the key variable that generates the profitability of a momentum strategy. Controlling for this variable, past returns have no predictability for the cross-section of returns.},
  file = {/Users/vicky/Desktop/我的文件/Zotero/storage/22TLXQKA/S0304405X05000747.html},
  journal = {Journal of Financial Economics},
  keywords = {Disposition effect,Mental accounting,Profitability of momentum strategies,Prospect theory},
  language = {en},
  number = {2}
}



@article{rossSimpleApproachValuation1978,
  title = {A Simple Approach to the Valuation of Risky Streams},
  author = {Ross, S.A.},
  year = {1978},
  volume = {51},
  pages = {453--475},
  doi = {10/fv4cfn},
  file = {/Users/vicky/Desktop/我的文件/Zotero/storage/HB358UBN/display.html},
  journal = {Journal of Business},
  number = {3}
}


@article{abarbanellAbnormalReturnsFundamental1998,
  title = {Abnormal {{Returns}} to a {{Fundamental Analysis Strategy}}},
  author = {Abarbanell, Jeffery S. and Bushee, Brian J.},
  year = {1998},
  volume = {73},
  pages = {19--45},
  publisher = {{American Accounting Association}},
  issn = {0001-4826},
  abstract = {We examine whether the application of fundamental analysis can yield significant abnormal returns. Using a collection of signals that reflect traditional rules of fundamental analysis related to contemporaneous changes in inventories, accounts receivables, gross margins, selling expenses, capital expenditures, effective tax rates, inventory methods, audit qualifications, and labor force sales productivity, we form portfolios that earn an average 12-month cumulative size-adjusted abnormal return of 13.2 percent. We find evidence that the fundamental signals provide information about future returns that is associated with future earnings news. Moreover, a significant portion of the abnormal returns is generated around subsequent earnings announcements. These findings are consistent with the underlying focus of fundamental analysis on the prediction of earnings. Significant abnormal returns to the fundamental strategy are not earned after the end of one year of return cumulation, indicating little support for the idea that the signals capture information about multiple-year-ahead earnings not immediately impounded in price or about long-term shifts in firm risk. Additional analysis on a holdout sample suggests that the strategy continues to generate abnormal returns in a period subsequent to the introduction of the fundamental signals in the literature, and contextual analyses indicate that the strategy performs better for certain types of firms (e.g., firms with prior bad news).},
  file = {/Users/vicky/Desktop/我的文件/Zotero/storage/G439K3ZG/Abarbanell 和 Bushee - 1996 - Abnormal Returns to a Fundamental Analysis Strateg.pdf},
  journal = {The Accounting Review},
  keywords = {⛔ No DOI found},
  number = {1}
}

@article{abarbanellFundamentalAnalysisFuture21,
  title = {Fundamental {{Analysis}}, {{Future Earnings}}, and {{Stock Prices}}},
  author = {Abarbanell, Jeffrey S. and Bushee, Brian J.},
  year = {1997},
  volume = {35},
  pages = {1},
  issn = {00218456},
  doi = {10/b8df62},
  file = {/Users/vicky/Desktop/我的文件/Zotero/storage/G4H5PDR7/Abarbanell 和 Bushee - 1997 - Fundamental Analysis, Future Earnings, and Stock P.pdf},
  journal = {Journal of Accounting Research},
  language = {en},
  number = {1}
}

@article{asnessQualityMinusJunk2019,
  title = {Quality Minus Junk},
  author = {Asness, Clifford S. and Frazzini, Andrea and Pedersen, Lasse Heje},
  year = {2019},
  month = mar,
  volume = {24},
  pages = {34--112},
  issn = {1573-7136},
  doi = {10/ggmpvg},
  abstract = {We define quality as characteristics that investors should be willing to pay a higher price for. Theoretically, we provide a tractable valuation model that shows how stock prices should increase in their quality characteristics: profitability, growth, and safety. Empirically, we find that high-quality stocks do have higher prices on average but not by a large margin. Perhaps because of this puzzlingly modest impact of quality on price, high-quality stocks have high risk-adjusted returns. Indeed, a quality-minus-junk (QMJ) factor that goes long high-quality stocks and shorts low-quality stocks earns significant risk-adjusted returns in the United States and across 24 countries. The price of quality varies over time, reaching a low during the internet bubble, and a low price of quality predicts a high future return of QMJ. Analysts' price targets and earnings forecasts imply systematic quality-related errors in return and earnings expectations.},
  file = {/Users/vicky/Desktop/我的文件/Zotero/storage/TAVC476Y/Asness 等。 - 2019 - Quality minus junk.pdf},
  journal = {Review of Accounting Studies},
  language = {en},
  number = {1}
}

@article{bamberTradingVolumeDifferent1997,
  title = {Trading {{Volume}} and {{Different Aspects}} of {{Disagreement Coincident}} with {{Earnings Announcements}}},
  author = {Bamber, Linda Smith and Barron, Orie E. and Stober, Thomas L.},
  year = {1997},
  volume = {72},
  pages = {575--597},
  publisher = {{American Accounting Association}},
  issn = {0001-4826},
  abstract = {This paper investigates the association between aspects of investors' disagreement around earnings announcements and investors' trading decisions. Theory suggests that trading volume arises because of investor disagreement, but disagreement is a multi-faceted construct. We find that three distinctly different aspects of disagreement each play an incremental role in explaining trading volume around earnings announcements, even after controlling for the magnitude of the contemporaneous price change. These aspects of disagreement are: dispersion in prior beliefs, change in dispersion, and belief jumbling. Dispersion in prior beliefs is the level of variation in expectations before the earnings announcement, change in dispersion is the difference in the level of dispersion in beliefs after vs. before the earnings announcement, and belief jumbling occurs when investors' beliefs change positions relative to each other around the earnings announcement. Our results indicate that each of these three aspects of disagreement is associated with investors' real economic (i.e., trading) decisions around earnings announcements.},
  journal = {The Accounting Review},
  keywords = {⛔ No DOI found},
  number = {4}
}

@article{banzRelationshipReturnMarket1981,
  title = {The Relationship between Return and Market Value of Common Stocks},
  author = {Banz, Rolf W.},
  year = {1981},
  pages = {3--18},
  doi = {10/d98sh4},
  abstract = {This study examines the empirical relattonship between the return and the total market value of NYSE common stocks. It is found that smaller firms have had htgher risk adjusted returns, on average, than larger lirms. This `size effect ' has been in existence for at least forty years and is evidence that the capital asset pricing model is misspecttied. The size elfect is not linear in the market value; the main effect occurs for very small tirms while there is little difference m return between average sized and large firms. It IS not known whether size per se is responsible for the effect or whether size IS just a proxy for one or more true unknown factors correlated with size. 1.},
  file = {/Users/vicky/Desktop/我的文件/Zotero/storage/SL9HP8YI/Banz - 1981 - The relationship between return and market value o.pdf;/Users/vicky/Desktop/我的文件/Zotero/storage/Q8K3J3ZI/summary.html},
  journal = {Journal of Financial Economics}
}

@phdthesis{baoZhongGuoGuShiJiShuFenXiYouXiaoXingYanJiu2015,
  title = {{中国股市技术分析有效性研究}},
  author = {包, 懿},
  year = {2015},
  abstract = {技术分析一直以来是一种重要的证券投资分析方法,但是其有效性长期受到学者们的质疑,中国股市相较于国外股市来说,还是个不太成熟的市场,其市场有效性不高,那么技术分析在中国股市是否有效,本文通过六个章节来对中国股市的有效性作简单研究。前三个章节主要介绍技术分析的定义、分类以及历史发展情况,通过与基本面分析比较来找出其优缺点,并且提出一些理论假设,为后文进一步实证研究作铺垫。第四章选取了一种在中国股市较为常用的技术分析手段移动平均线,并简单介绍了其分类方法,以及其应用法则,后面实证部分主要以此方法为基础。第五章对简单移动平均线在中国股市的有效性进行实证研究,分别对股指以及个股运用移动平均线穿越的交易策略进行模拟交易,将所得收益情况与持续持有策略相比较,发现可以获得超额收益。第六章对前几章总结,并且提出研究中的不足以及未来研究方向。},
  annotation = {8 citations(CNKI)[2021-3-11]},
  collaborator = {张, 晓燕},
  file = {/Users/vicky/Desktop/我的文件/Zotero/storage/AK2E2VE4/包 - 2015 - 中国股市技术分析有效性研究.pdf},
  keywords = {crossing method,moving average,technical analysis,技术分析,移动平均线,穿越法则},
  language = {中文;},
  school = {上海交通大学},
  type = {{硕士}}
}

@article{bartramAgnosticFundamentalAnalysis2018a,
  title = {Agnostic Fundamental Analysis Works},
  author = {Bartram, S{\"o}hnke M. and Grinblatt, Mark},
  year = {2018},
  month = apr,
  volume = {128},
  pages = {125--147},
  issn = {0304405X},
  doi = {10.1016/j.jfineco.2016.11.008},
  file = {/Users/vicky/Desktop/我的文件/Zotero/storage/ZTIXVJJI/Bartram 和 Grinblatt - 2018 - Agnostic fundamental analysis works.pdf},
  journal = {Journal of Financial Economics},
  keywords = {自用},
  language = {en},
  number = {1}
}

@article{bartramGlobalMarketInefficiencies2021a,
  title = {Global Market Inefficiencies},
  author = {Bartram, S{\"o}hnke M. and Grinblatt, Mark},
  year = {2021},
  month = jan,
  volume = {139},
  pages = {234--259},
  issn = {0304405X},
  doi = {10.1016/j.jfineco.2020.07.011},
  file = {/Users/vicky/Desktop/我的文件/Zotero/storage/MCES3AMU/Bartram 和 Grinblatt - 2021 - Global market inefficiencies.pdf},
  journal = {Journal of Financial Economics},
  language = {en},
  number = {1}
}

@article{changJieZhiYinZiBeiHouDeLuoJiGuZhiJiBenMianYuQiChaiYuCuoWuDingJie2020,
  title = {{价值因子背后的逻辑\textemdash\textemdash 估值-基本面预期差与错误定价}},
  author = {常, 丹婷 and 李, 峰},
  year = {2020},
  volume = {39},
  pages = {142--159},
  issn = {1003-7624},
  abstract = {本文深入研究了我国资本市场价值因子背后的逻辑。横截面上,价值因子超额收益全部来自估值和基本面背离的组合;控制基本面相符后,估值水平不再对期望收益率有明显区分。时间序列上进一步研究发现,盈余公告作为更新市场信息、广泛吸引投资者注意的时间窗口,价值因子超额收益显著集中产生于资产价格在未来盈余公告日的修正回归。本文的结果有力地支持了行为金融框架下的错误定价假说,为错误定价和价格回归提供了直接证据。},
  file = {/Users/vicky/Desktop/我的文件/Zotero/storage/CE4BPIXX/常 和 李 - 2020 - 价值因子背后的逻辑——估值-基本面预期差与错误定价.pdf},
  journal = {投资研究},
  keywords = {Earnings Announcement,Fundamentals,Mispricing,Value Factor,价值因子,基本面,盈余公告,错误定价},
  language = {中文;},
  number = {08}
}

@article{cochranePresidentialAddressDiscount2011,
  title = {Presidential {{Address}}: {{Discount Rates}}},
  shorttitle = {Presidential {{Address}}},
  author = {Cochrane, John H.},
  year = {2011},
  volume = {66},
  pages = {1047--1108},
  issn = {1540-6261},
  doi = {10/cnsq88},
  abstract = {Discount-rate variation is the central organizing question of current asset-pricing research. I survey facts, theories, and applications. Previously, we thought returns were unpredictable, with variation in price-dividend ratios due to variation in expected cashflows. Now it seems all price-dividend variation corresponds to discount-rate variation. We also thought that the cross-section of expected returns came from the CAPM. Now we have a zoo of new factors. I categorize discount-rate theories based on central ingredients and data sources. Incorporating discount-rate variation affects finance applications, including portfolio theory, accounting, cost of capital, capital structure, compensation, and macroeconomics.},
  annotation = {\_eprint: https://onlinelibrary.wiley.com/doi/pdf/10.1111/j.1540-6261.2011.01671.x},
  copyright = {\textcopyright{} 2011 the American Finance Association},
  file = {/Users/vicky/Desktop/我的文件/Zotero/storage/XB4G73MK/j.1540-6261.2011.01671.html},
  journal = {The Journal of Finance},
  language = {en},
  number = {4}
}

@article{dingYouXiaoShiChangDeJianYanXingWeiJinRongDuiEMHLiLunDePiPan2017,
  title = {{有效市场的检验\textemdash\textemdash 行为金融对EMH理论的批判}},
  author = {丁, 志国 and 金, 博 and 徐, 德财},
  year = {2017},
  pages = {51--59},
  issn = {1005-2674},
  abstract = {EMH理论及其检验同行为金融文献对市场有效这一命题给出了不同的答案,这提供给人们认知市场与股价行为不同的思维逻辑。有效市场理论因其理性投资者、非理性投资者随机的存在,不会主导股票价格及理性投资者会通过套利抵消非理性投资者对股价的影响的假设的非现实性和不可真正检验性,受到行为金融理论的批判。与此同时,审视行为金融对EMH理论的批判以及EMH理论的变通与完善,并站在融合两者理论观点的基础上,可给出未来针对有效市场的研究方向,进一步挖掘市场"异象"和采用"适应性市场假说"将是一条有效的路径。},
  annotation = {20 citations(CNKI)[2021-3-10]{$<$}北大核心, CSSCI{$>$}},
  file = {/Users/vicky/Desktop/我的文件/Zotero/storage/QNJQI8JU/丁 等。 - 2017 - 有效市场的检验——行为金融对EMH理论的批判.pdf},
  journal = {当代经济研究},
  keywords = {实证检验,有效市场假说,行为金融学,资产定价模型},
  language = {中文;},
  number = {03}
}

@article{elithWorkingGuideBoosted2008,
  title = {A Working Guide to Boosted Regression Trees},
  author = {Elith, J. and Leathwick, J. R. and Hastie, T.},
  year = {2008},
  month = jul,
  volume = {77},
  pages = {802--813},
  issn = {0021-8790, 1365-2656},
  doi = {10/fn6m6v},
  file = {/Users/vicky/Desktop/我的文件/Zotero/storage/TZDQB5QD/Elith 等。 - 2008 - A working guide to boosted regression trees.pdf},
  journal = {Journal of Animal Ecology},
  keywords = {自用},
  language = {en},
  number = {4}
}

@article{famaBehaviorStockMarketPrices1965,
  title = {The {{Behavior}} of {{Stock}}-{{Market Prices}}},
  author = {Fama, Eugene F.},
  year = {1965},
  volume = {38},
  pages = {34--105},
  publisher = {{University of Chicago Press}},
  issn = {0021-9398},
  doi = {10/cshd3r},
  file = {/Users/vicky/Desktop/我的文件/Zotero/storage/BNS7KQV8/Fama65.pdf},
  journal = {The Journal of Business},
  number = {1}
}

@article{famaEfficientCapitalMarkets1970,
  title = {Efficient {{Capital Markets}}: {{A Review}} of {{Theory}} and {{Empirical Work}}},
  author = {Fama, Eugene F.},
  year = {1970},
  volume = {25},
  pages = {383--417},
  file = {/Users/vicky/Desktop/我的文件/Zotero/storage/KJAIT77W/Fama - 1970 - Efficient Capital Markets A Review of Theory and .pdf},
  journal = {The Journal of Finance},
  keywords = {❓ Multiple DOI},
  number = {2,}
}

@article{fischerDeepLearningLong2018,
  title = {Deep Learning with Long Short-Term Memory Networks for Financial Market Predictions},
  author = {Fischer, Thomas and Krauss, Christopher},
  year = {2018},
  month = oct,
  volume = {270},
  pages = {654--669},
  issn = {0377-2217},
  doi = {10/gffgmp},
  abstract = {Long short-term memory (LSTM) networks are a state-of-the-art technique for sequence learning. They are less commonly applied to financial time series predictions, yet inherently suitable for this domain. We deploy LSTM networks for predicting out-of-sample directional movements for the constituent stocks of the S\&P 500 from 1992 until 2015. With daily returns of 0.46 percent and a Sharpe ratio of 5.8 prior to transaction costs, we find LSTM networks to outperform memory-free classification methods, i.e., a random forest (RAF), a deep neural net (DNN), and a logistic regression classifier (LOG). The outperformance relative to the general market is very clear from 1992 to 2009, but as of 2010, excess returns seem to have been arbitraged away with LSTM profitability fluctuating around zero after transaction costs. We further unveil sources of profitability, thereby shedding light into the black box of artificial neural networks. Specifically, we find one common pattern among the stocks selected for trading \textendash{} they exhibit high volatility and a short-term reversal return profile. Leveraging these findings, we are able to formalize a rules-based short-term reversal strategy that yields 0.23 percent prior to transaction costs. Further regression analysis unveils low exposure of the LSTM returns to common sources of systematic risk \textendash{} also compared to the three benchmark models.},
  file = {/Users/vicky/Desktop/我的文件/Zotero/storage/JGEYYEWV/Fischer 和 Krauss - 2018 - Deep learning with long short-term memory networks.pdf;/Users/vicky/Desktop/我的文件/Zotero/storage/WX4YLHJ9/S0377221717310652.html},
  journal = {European Journal of Operational Research},
  keywords = {Deep learning,Finance,LSTM,Machine learning,Statistical arbitrage},
  language = {en},
  number = {2}
}

@article{friedmanGreedyFunctionApproximation2001,
  title = {Greedy Function Approximation: {{A}} Gradient Boosting Machine.},
  shorttitle = {Greedy Function Approximation},
  author = {Friedman, Jerome H.},
  year = {2001},
  month = oct,
  volume = {29},
  issn = {0090-5364},
  doi = {10/fbgj35},
  file = {/Users/vicky/Desktop/我的文件/Zotero/storage/I8KQ82EH/Friedman - 2001 - Greedy function approximation A gradient boosting.pdf},
  journal = {The Annals of Statistics},
  language = {en},
  number = {5}
}

@misc{GBDTTiDuTiShengJueCeShuJianShu,
  title = {{{GBDT}}：梯度提升决策树 - 简书},
  year={2016},
  file = {/Users/vicky/Desktop/我的文件/Zotero/storage/76T5NT2W/005a4e6ac775.html},
  howpublished = {https://www.jianshu.com/p/005a4e6ac775}
}

@article{jiaZhongGuoGuShiYouXiaoXingDeShiZhengFenXi2003,
  title = {{中国股市有效性的实证分析}},
  author = {贾, 权 and 陈, 章武},
  year = {2003},
  pages = {86--92},
  issn = {1002-7246},
  abstract = {本文利用中国股市的数据对基于市场有效假设的CAPM模型以及其他因素与收益率之间的关系进行了实证检验。我们发现 ,市场 {$\beta$}值与收益率呈现出与CAPM模型预测正好相反的负相关关系 ,而且流通市值、市盈率、账面 /市场价值的比率等其他因素对于收益率也有着很强的解释能力。实证分析的结果表明 ,目前我国股市不满足市场有效性的假设 ,投资者的行为并不是完全理性的 ,本文的研究结果也可以对投资策略的制定起到一定的指导作用。},
  annotation = {196 citations(CNKI)[2021-3-11]{$<$}北大核心, CSSCI{$>$}},
  file = {/Users/vicky/Desktop/我的文件/Zotero/storage/VIPUH7LH/贾 和 陈 - 2003 - 中国股市有效性的实证分析.pdf},
  journal = {金融研究},
  keywords = {average returns,cross  section regressions,efficient market,explanatory factors,portfolio,平均收益率,有效市场,横截面回归,股票组合,解释因素},
  language = {中文;},
  number = {07}
}

@misc{JiQiXueXiBiJiGBDTYuanLiGradientBoosting,
  title = {『机器学习笔记 』{{GBDT原理}}-{{Gradient Boosting Decision Tree}}\_{{AaronChou的博客}}-{{CSDN博客}}},
  year={2017},
  file = {/Users/vicky/Desktop/我的文件/Zotero/storage/PGVJAIZ4/65633436.html},
  howpublished = {https://blog.csdn.net/shine19930820/article/details/65633436}
}

@article{kraussDeepNeuralNetworks2017,
  title = {Deep Neural Networks, Gradient-Boosted Trees, Random Forests: {{Statistical}} Arbitrage on the {{S}}\&{{P}} 500},
  shorttitle = {Deep Neural Networks, Gradient-Boosted Trees, Random Forests},
  author = {Krauss, Christopher and Do, Xuan Anh and Huck, Nicolas},
  year = {2017},
  month = jun,
  volume = {259},
  pages = {689--702},
  issn = {0377-2217},
  doi = {10/gffgmq},
  abstract = {In recent years, machine learning research has gained momentum: new developments in the field of deep learning allow for multiple levels of abstraction and are starting to supersede well-known and powerful tree-based techniques mainly operating on the original feature space. All these methods can be applied to various fields, including finance. This paper implements and analyzes the effectiveness of deep neural networks (DNN), gradient-boosted-trees (GBT), random forests (RAF), and several ensembles of these methods in the context of statistical arbitrage. Each model is trained on lagged returns of all stocks in the S\&P 500, after elimination of survivor bias. From 1992 to 2015, daily one-day-ahead trading signals are generated based on the probability forecast of a stock to outperform the general market. The highest k probabilities are converted into long and the lowest k probabilities into short positions, thus censoring the less certain middle part of the ranking. Empirical findings are promising. A simple, equal-weighted ensemble (ENS1) consisting of one deep neural network, one gradient-boosted tree, and one random forest produces out-of-sample returns exceeding 0.45 percent per day for k=10, prior to transaction costs. Irrespective of the fact that profits are declining in recent years, our findings pose a severe challenge to the semi-strong form of market efficiency.},
  file = {/Users/vicky/Desktop/我的文件/Zotero/storage/JZ8YGDMR/Krauss 等。 - 2017 - Deep neural networks, gradient-boosted trees, rand.pdf;/Users/vicky/Desktop/我的文件/Zotero/storage/FGJ46FVX/S0377221716308657.html},
  journal = {European Journal of Operational Research},
  keywords = {Deep learning,Ensemble learning,Finance,Gradient-boosting,Random forests},
  language = {en},
  number = {2}
}

@article{liJiQiXueXiQuDongDeJiBenMianLiangHuaTouZiYanJiu2019,
  title = {{机器学习驱动的基本面量化投资研究}},
  author = {李, 斌 and 邵, 新月 and 李, 玥阳},
  year = {2019},
  pages = {61--79},
  issn = {1006-480X},
  abstract = {基本面量化投资是近年来金融科技和量化投资研究的新热点。作为人工智能的代表性技术,机器学习能够大幅度提高经济学和管理学中预测类研究的效果。本文系统性地运用机器学习,来提升基本面量化投资中的股票收益预测模块。基于1997年1月至2018年10月A股市场的96项异象因子,本文采用预测组合算法、Lasso回归、岭回归、弹性网络回归、偏最小二乘回归、支持向量机、梯度提升树、极端梯度提升树、集成神经网络、深度前馈网络、循环神经网络和长短期记忆网络等12种机器学习算法,构建股票收益预测模型及投资组合。实证结果显示,机器学习算法能够有效地识别异象因子\textemdash 超额收益间的复杂模式,其投资策略能够获得比传统线性算法和所有单因子更好的投资绩效,基于深度前馈网络预测的多空组合最高能够获得2.78\%的月度收益。本文进一步检验了因子在预测模型中的重要性,发现交易摩擦因子在A股市场具有较强的预测能力,深度前馈网络在筛选因子数据上的多空组合月度收益达到了3.41\%。本文尝试将机器学习引入基本面量化投资领域,有助于促进人工智能、机器学习与经济学和管理学的交叉融合研究,为推进国家人工智能战略的有效实施提供参考。},
  file = {/Users/vicky/Desktop/我的文件/Zotero/storage/BTMQ3CWA/Appendix.pdf;/Users/vicky/Desktop/我的文件/Zotero/storage/K3MHCWVF/李 等。 - 2019 - 机器学习驱动的基本面量化投资研究.pdf;/Users/vicky/Desktop/我的文件/Zotero/storage/LTEHBFT8/Codes.pdf},
  journal = {中国工业经济},
  keywords = {deep learning,machine learning,market anomaly factors,quantamental investing,基本面量化投资,市场异象因子,机器学习,深度学习,自用},
  language = {中文;},
  number = {08}
}

@article{limAreChineseStock2009,
  title = {Are {{Chinese}} Stock Markets Efficient? {{Further}} Evidence from a Battery of Nonlinearity Tests},
  shorttitle = {Are {{Chinese}} Stock Markets Efficient?},
  author = {Lim, Kian-Ping and Brooks, Robert},
  year = {2009},
  month = jan,
  volume = {19},
  pages = {147--155},
  issn = {0960-3107, 1466-4305},
  doi = {10.1080/09603100701765182},
  file = {/Users/vicky/Desktop/我的文件/Zotero/storage/5HKMK53Z/Lim 和 Brooks - 2009 - Are Chinese stock markets efficient Further evide.pdf},
  journal = {Applied Financial Economics},
  language = {en},
  number = {2}
}

@article{liMLTEAYiTaoJiYuJiQiXueXiHeJiShuFenXiDeLiangHuaTouZiSuanFa2017,
  title = {{ML-TEA:一套基于机器学习和技术分析的量化投资算法}},
  shorttitle = {{ML-TEA}},
  author = {李, 斌 and 林, 彦 and 唐, 闻轩},
  year = {2017},
  volume = {37},
  pages = {1089--1100},
  issn = {1000-6788},
  abstract = {量化投资尝试利用计算机算法来预测证券的价格和进行证券的交易,并从中获取超额收益,是系统工程在金融投资领域的重要应用.本文设计了一套基于机器学习和技术指标的量化投资算法ML-TEA（machine learning and technical analysis）.该模型以技术指标作为输入变量,再分别通过不同的机器学习算法来预测股票数日之后的涨跌方向,并根据预测的方向来构建投资组合.实证结果显示:第一,三种模型的年化收益率都在25\%以上,远超大盘指数的10.60\%、买入持有策略的3\%以及现有策略.从风险调节绩效（夏普比率、特雷纳比率和詹森绩效）来看,三种策略也都远超基准策略和现有策略.以夏普比率为例,三种策略均在1.50以上,而市场指数的夏普比率为0.38.第二,Ada-TEA和SVM-TEA都可以容忍远高于市场实际成本的交易成本.},
  annotation = {44 citations(CNKI)[2021-4-18]{$<$}北大核心, CSSCI, EI, CSCD{$>$}},
  file = {/Users/vicky/Desktop/我的文件/Zotero/storage/KGMTSCC4/李 等。 - 2017 - ML-TEA一套基于机器学习和技术分析的量化投资算法.pdf},
  journal = {系统工程理论与实践},
  keywords = {⛔ No DOI found,machine learning,quantitative investments,technical analysis,技术分析,机器学习,量化投资},
  language = {中文;},
  number = {05}
}

@article{liSelectingMutualFunds2020,
  title = {Selecting {{Mutual Funds}} from the {{Stocks They Hold}}: {{A Machine Learning Approach}}},
  shorttitle = {Selecting {{Mutual Funds}} from the {{Stocks They Hold}}},
  author = {Li, Bin and Rossi, Alberto G.},
  year = {2020},
  issn = {1556-5068},
  doi = {10/gjn2v8},
  abstract = {We select mutual funds in real time by combining individual fund holdings and a large number (94) of stock characteristics to compute fund-level exposures to characteristics on the basis of the stocks they hold. The majority of funds are exposed\textemdash both positively and negatively\textemdash to approximately 40-50 characteristics. In addition, fund performance is non-linearly related to fund characteristics and their interactions. This feature proves important when we predict fund performance, as machine learning methods such as boosted regression trees (BRTs) significantly outperform standard linear frameworks. Our BRT-generated forecasts encompass the ones generated by the predictors of mutual fund performance that have been proposed in the literature so far.},
  file = {/Users/vicky/Desktop/我的文件/Zotero/storage/WZXI7TKL/Li 和 Rossi - 2020 - Selecting Mutual Funds from the Stocks They Hold .pdf},
  journal = {SSRN Electronic Journal},
  keywords = {自用},
  language = {en}
}

@article{luoJiYuWangLuoShuJuWaJueDeZiChanDingJieYanJiuShuPing2020,
  title = {{基于网络数据挖掘的资产定价研究述评}},
  author = {罗, 琦 and 游, 学敏 and 吕, 纤},
  year = {2020},
  volume = {17},
  pages = {148--158},
  issn = {1672-884X},
  abstract = {针对资本市场非理性行为对资产定价的影响,基于现有文献厘清投资者关注、投资者情绪、媒体关注和媒体情绪之间的区别与相互作用,并梳理非理性行为影响股票市场定价效率的分析框架。现有文献表明投资者与媒体的非理性行为可能降低资本市场信息效率,进而影响公司股票价格的信息含量以及崩盘风险。后续研究可以继续利用新技术优化指标设计,并从公司财务决策与监管创新的角度进一步深入探讨投资者与媒体的非理性行为对资本市场的影响。},
  annotation = {2 citations(CNKI)[2021-4-18]{$<$}北大核心, CSSCI{$>$}},
  file = {/Users/vicky/Desktop/我的文件/Zotero/storage/YYS695JY/罗 等。 - 2020 - 基于网络数据挖掘的资产定价研究述评.pdf},
  journal = {管理学报},
  keywords = {⛔ No DOI found,asset pricing,investor attention,investor sentiment,media attention,media sentiment,媒体关注,媒体情绪,投资者关注,投资者情绪,资产定价},
  language = {中文;},
  number = {01}
}

@misc{microstrongRegressionTreeHuiGuiShu2019,
  title = {{Regression Tree 回归树}},
  author = {Microstrong},
  year = {2019/9/16上午2:05:19},
  abstract = {Regression Tree 回归树 - 来自知乎专栏「人工智能」，作者: Microstrong https://zhuanlan.zhihu.com/p/82054400},
  annotation = {赞数:135;},
  file = {/Users/vicky/Desktop/我的文件/Zotero/storage/J3N6XUEX/82054400.html},
  howpublished = {https://zhuanlan.zhihu.com/p/82054400},
  journal = {人工智能},
  keywords = {决策树,分类与回归树,机器学习},
  language = {zh-CN},
  type = {{知乎专栏文章}}
}

@misc{microstrongShenRuLiJieLightGBM2020,
  title = {{深入理解LightGBM}},
  author = {Microstrong},
  year = {2020/1/4下午9:19:46},
  abstract = {深入理解LightGBM - 来自知乎专栏「人工智能」，作者: Microstrong https://zhuanlan.zhihu.com/p/99069186},
  annotation = {赞数:231;},
  file = {/Users/vicky/Desktop/我的文件/Zotero/storage/9EJRG59E/99069186.html},
  howpublished = {https://zhuanlan.zhihu.com/p/99069186},
  journal = {人工智能},
  keywords = {gbdt,xgboost,集成学习},
  language = {zh-CN},
  type = {{知乎专栏文章}}
}

@misc{microstrongShenRuLiJieTiShengShuBoostingTree2019,
  title = {{深入理解提升树（Boosting tree）算法}},
  author = {Microstrong},
  year = {2019/10/1上午4:42:28},
  abstract = {深入理解提升树（Boosting tree）算法 - 来自知乎专栏「人工智能」，作者: Microstrong https://zhuanlan.zhihu.com/p/84139957},
  annotation = {赞数:31;},
  file = {/Users/vicky/Desktop/我的文件/Zotero/storage/BD856SFY/84139957.html},
  howpublished = {https://zhuanlan.zhihu.com/p/84139957},
  journal = {人工智能},
  keywords = {boosting,gbdt,机器学习},
  language = {zh-CN},
  type = {{知乎专栏文章}}
}

@article{mohanramSeparatingWinnersLosers,
  title = {Separating {{Winners}} from {{Losers}} among {{Low Book}}-to-{{Market Stocks}} Using {{Financial Statement Analysis}}},
  author = {Mohanram, Partha S},
  year={2005},
  pages = {38},
  journal={Review of Accounting Studies},
  doi = {10/bqfw8p},
  abstract = {This paper combines traditional fundamentals, such as earnings and cash flows, with measures tailored for growth firms, such as earnings stability, growth stability and intensity of R\&D, capital expenditure and advertising, to create an index \textendash{} GSCORE. A long\textendash short strategy based on GSCORE earns significant excess returns, though most of the returns come from the short side. Results are robust in partitions of size, analyst following and liquidity and persist after controlling for momentum, book-tomarket, accruals and size. High GSCORE firms have greater market reaction and analyst forecast surprises with respect to future earnings announcements. Further, the results are inconsistent with a riskbased explanation as returns are positive in most years, and firms with lower risk earn higher returns. Finally, a contextual approach towards fundamental analysis works best, with traditional analysis appropriate for high BM stocks and growth oriented fundamental analysis appropriate for low BM stocks.},
  file = {/Users/vicky/Desktop/我的文件/Zotero/storage/4VB67CDJ/Mohanram - Separating Winners from Losers among Low Book-to-M.pdf},
  language = {en}
}

@misc{OptimizationXGBoostLoss,
  title = {Optimization - {{XGBoost Loss}} Function {{Approximation With Taylor Expansion}}},
  year={2016},
  file = {/Users/vicky/Desktop/我的文件/Zotero/storage/QN4WZ23D/xgboost-loss-function-approximation-with-taylor-expansion.html},
  howpublished = {https://stats.stackexchange.com/questions/202858/xgboost-loss-function-approximation-with-taylor-expansion},
  journal = {Cross Validated}
}

@book{ouInancialStatementAnalys1988,
  title = {F {{Inancial Statement Analys Is}} and the {{Predict Ion}} of {{Stock Returns}}*},
  author = {Ou, Jane A. and Penman, Stephen H.},
  year = {1988},
  abstract = {This paper performs a financial statement analysis that combines alarge set of financial statement items into one summary measure which indicates the direction of one-year-ahead earnings changes. Positions are taken in stocks on the basis of this measure during the period 1973-1983, which involve cancelling long and short positions with zero net investment. The two-year holding-period return to the long and short positions is in the order of 12.5\%. After adjustment for 'size effects ' the return is about 7.0\%. These returns cannot be explained by nominated firm risk characteristics. 1.},
  file = {/Users/vicky/Desktop/我的文件/Zotero/storage/PBNF2QPM/Ou 和 Penman - 1988 - F Inancial Statement Analys Is and the Predict Ion.pdf;/Users/vicky/Desktop/我的文件/Zotero/storage/BCVIN7XF/download.html}
}

@article{piotroskiValueInvestingUse2000,
  title = {Value {{Investing}}: {{The Use}} of {{Historical Financial Statement Information}} to {{Separate Winners}} from {{Losers}}},
  shorttitle = {Value {{Investing}}},
  author = {Piotroski, Joseph D.},
  year = {2000},
  volume = {38},
  pages = {1--41},
  publisher = {{[Accounting Research Center, Booth School of Business, University of Chicago, Wiley]}},
  issn = {0021-8456},
  doi = {10/b2ztbb},
  abstract = {This paper examines whether a simple accounting-based fundamental analysis strategy, when applied to a broad portfolio of high book-to-market firms, can shift the distribution of returns earned by an investor. I show that the mean return earned by a high book-to-market investor can be increased by at least 7.5\% annually through the selection of financially strong high BM firms, while the entire distribution of realized returns is shifted to the right. In addition, an investment strategy that buys expected winners and shorts expected losers generates a 23\% annual return between 1976 and 1996, and the strategy appears to be robust across time and to controls for alternative investment strategies. Within the portfolio of high BM firms, the benefits to financial statement analysis are concentrated in small and medium-sized firms, companies with low share turnover, and firms with no analyst following, yet this superior performance is not dependent on purchasing firms with low share prices. A positive relationship between the sign of the initial historical information and both future firm performance and subsequent quarterly earnings announcement reactions suggests that the market initially underreacts to the historical information. In particular, one-sixth of the annual return difference between ex ante strong and weak firms is earned over the four three-day periods surrounding these quarterly earnings announcements. Overall, the evidence suggests that the market does not fully incorporate historical financial information into prices in a timely manner.},
  file = {/Users/vicky/Desktop/我的文件/Zotero/storage/DYPNBY7T/Piotroski.pdf},
  journal = {Journal of Accounting Research}
}

@article{quJiYuXuLieXingZhiJianYanDeZhongGuoGuPiaoShiChangRuoShiYouXiaoXingYanJiu2014,
  title = {{基于序列性质检验的中国股票市场弱式有效性研究}},
  author = {屈, 博 and 庞, 金峰},
  year = {2014},
  pages = {59--67},
  issn = {1005-0167},
  abstract = {本文拟采用经验数据对中国股票市场的弱式有效性进行检验。基于2010年4月16日至2013年5月31日的5分钟高频数据,运用Q统计量法、方差比检验法、广义谱检验、游程检验等多种方法对数据序列的性质进行检验,研究结果表明:不同的检验算法对中国股票市场弱式有效性的支持程度不同,原因是它们所针对的序列性质不同;中国股票市场在较短的考察期内具备弱式有效性,而随着考察期长度的增加,市场趋于拒绝弱式有效性。},
  file = {/Users/vicky/Desktop/我的文件/Zotero/storage/E6NQ4KQA/屈 和 庞 - 2014 - 基于序列性质检验的中国股票市场弱式有效性研究.pdf},
  journal = {浙江金融},
  keywords = {中国股票市场,序列性质检验,弱式有效性,高频数据},
  language = {中文;},
  number = {11}
}

@phdthesis{shiGuPiaoJiShuFenXiZhongMACDZhiBiaoDeYouXiaoXingJianYan2011,
  title = {{股票技术分析中MACD指标的有效性检验}},
  author = {石, 赛男},
  year = {2011},
  abstract = {股票市场在资本市场中占据极其重要的地位,在当今市场经济的条件下,股票市场已经成为企业融资、大众投资的重要领域,是经济的晴雨表,对优化资源配置及经济发展起到极大的促进作用。多年来国内外学者热衷于对股市的研究,证券投资技术分析方法更是经常被投资大众津津乐道。技术分析常常带有神秘色彩,吸引越来越多的学者对此进行研究,在众多技术分析工具中,MACD指标经常被投资者使用,所以本文要基于MACD指标的经典定义,对其作用于中国上海股票市场上的有效性进行实证研究。本文的实证研究是在笔者阅读了大量国内外文献,对相关的理论知识和统计模型的充分学习的基础上进行的。MACD是常用的技术分析方法之一,所以有必要在研究之前先对技术分析理论的发展历程进行陈述。证券投资技术分析起源于华尔街的道氏理论,至今已有一百多年的历史,在实践操作中很少有人完全不使用技术分析的。技术分析理论的发展经历了传统技术分析理论阶段和现代技术分析理论阶段。传统的技术分析主要是以图表、技术指标为手段对证券市场的时间、价格及交易量进行研究,运用一系列方法进行归纳总结,从而达到预测证券市场价格变化趋势的目的。技术分析的成立与否,依赖于三个假定前提,即市场行为包容一切信息,价格变动是有趋势的以及历史会重演。在这三个假定前提的基础上,传统技术分析逐渐发展完善,形成了道氏理论、波浪理论、形态理论、切线理论及指标分析理论等。传统的技术分析理论历经一百多年的发展,虽然已成体系,但一直被认为缺少科学依据和理论基础,而更多的是带有随意性和巧合的成分。使传统技术分析法具有科学合理性的三条假定条件与实际的证券市场状况也不完全一致,这也导致了传统技术分析法在实际应用时无效,所以技术分析法曾一度表现出衰退的迹象。直至20世纪90年代,随着统计学和计算机科学的发展,技术分析被赋予了新的意义,逐渐形成了现代技术分析理论。现代技术分析理论主要包括时间序列分析、人工智能技术以及博弈分析法等,其中人工智能技术主要包括混沌理论、分形理论、人工神经网络法以及遗传算法等。虽然现代技术分析理论更贴近股市的本质,但由于其操作困难,且对使用者的数理知识要求较高,所以在实际操作时很少有散户投资者会使用现代的技术理论,相反人们宁愿用传统的方法来指导股票买卖。那么传统的技术分析方法是否有效?在技术分析法的指导下能否获得超额收益?所以古今中外的学者对技术指标的有效性的争论由来已久,且大家看法褒贬不一基于对技术分析理论的发展历程的了解基础上,本文开始切入正题。纵观国内外文献对MACD的有效性检验,主要是检验使用MACD指标进行股票投资时是否能获得超额利润,一个重要途径就是检验由MACD产生的交易信号所得到的条件收益率是否显著高于无条件收益率。目前对移动平均规则的有效性进行检验的方法可以归纳为四种：双样本均值T检验,Bootstrap法,非参数统计法以及前向人工神经网络法。且目前对股票市场的研究大多集中在对股票收益率的研究上,众多研究表明股票收益率序列会表现出波动聚集性、尖峰厚尾性以及波动非对称性的特征。而针对这三个特征,一般的线性模型已无法加以解释,只能应用非线性模型（如ARCH族模型）解释收益率的这些波动特性。在对技术分析以及MACD指标的相关理论,收益率序列的特征以及适用模型的充分学习基础上,本文开始进入实证研究阶段。本文实证研究选取上证指数和30只样本股票（包括大盘股、中盘股和小盘股各10只）的2004年1月1日至2009年12月31日的收盘价作为样本。首先对其进行描述性统计分析,得到无条件（即买入并持有策略）收益率均值、标准差、峰度、偏度等描述性统计指标值,验证了所选的上证指数及30只样本个股在样本期的收益率均表现出了波动聚集性、尖峰厚尾性,于是选择了GARCH （1,1）的非线性模型进行检验,进一步验证该模型能否解释收益率的这些特性。通过对指数和个股的标准检验证实了MACD技术指标对股票买卖是有一定的预测能力的,尤其对中盘股的指导效果较好。而且在股票操作中形成的买卖区间在收益率,波动率和价格变动方向上都表现出了非对称性。接下来通过Bootstrap检验作进一步研究,发现GARCH （1,1）虽然可以解释真实收益率过程中买卖区间波动性,但是却无法解释卖出区间收益率为负、买卖区间的超额收益以及价格变动方向上的非对称性,所以本文认为GARCH（1,1）无法解释MACD规则对于买卖区间收益率的预测能力。通过对MACD（12,26,9）与其他6种中短线移动平均规则的对比研究,发现中短线规则在中国股市上的预测能力更强,中短线规则不仅能指导投资者获得超额收益,而且能预测股价变动趋势。其中中线规则更能预测股市中的高收益部分,短线规则更能预测股市中的低风险部分,投资者需根据自身的风险偏好做好取舍。在不同规则的对比分析中,发现MACD的预测能力并不是所检验的规则中最好的,可能因为MACD是个长期指标并且关注股价的长期走势,而中国股市投资者较关注市场的短期趋势,在MACD指标本身的特点和中国股市自身特点的双重原因下,MACD规则虽然在我国股市上具有预测能力,但其预测效果并非最佳。综上所述,MACD指标在样本期的上海股票市场上表现出了一定的预测能力,尤其对中盘股的指导作用最强。GARCH （1,1）模型并不能捕捉到现阶段沪市股票收益率表现出来的波动非对称性。MACD指标虽然表现出了一定的有效性,但由于指标自身关注长期趋势的特点与目前中国股市投资者关注短期趋势的特点,MACD并非最有效的。与MACD指标相比,中短线规则更能指导现阶段中国股市投资者获利。本文也提出了一些实践操作上的建议,以期对投资者和今后的研究者有所启示。实践中投资者要注意MACD指标与中短线的MA配合使用,尽量长期投资、中期投资与短线操作相结合,在追求收益的同时要考虑风险的大小；MACD指标与其他技术指标配合使用,将趋势分析、超买超卖现象分析以及行情反转信号分析等相结合,同时注意各技术指标互相验证,增加预测的可信度；技术指标与其他技术分析方法配合使用,将技术指标与形态分析、波浪理论、切线理论以及价量分析相结合,并将各技术分析方法的预测结果相互验证；技术分析方法与基本面分析配合使用,两种方法结合使用可以互相弥补不足,这样才能实现中长期投资与短线操作相结合,变投机习惯为良好的投资习惯。此外,本文还存在很多不足,本文仅是从MACD指标的经典定义出发进行研究,研究的前提过于简单和理想化,很多操作上的现实问题都未加考虑,如异步交易问题、交易成本以及成交量等的影响。在MACD指标有效性检验上考虑异步交易、交易成本以及成交量的影响,在对收益率波动特性的解释模型选择上考虑人工智能的方法,MACD指标滞后阶数的问题,以及MACD的步长参数的选择问题,这些都是文本在今后研究中需要进一步深入探讨之处。},
  annotation = {23 citations(CNKI)[2021-3-11]},
  collaborator = {陈, 永生},
  file = {/Users/vicky/Desktop/我的文件/Zotero/storage/U4LRSAZN/石 - 2011 - 股票技术分析中MACD指标的有效性检验.pdf},
  keywords = {MACD,motion average line rule,technical analysis,validity,技术分析,有效性,移动平均线规则},
  language = {中文;},
  school = {西南财经大学},
  type = {{硕士}}
}

@techreport{shillerStockPricesMove1980,
  title = {Do {{Stock Prices Move Too Much}} to Be {{Justified}} by {{Subsequent Changes}} in {{Dividends}}?},
  author = {Shiller, Robert J.},
  year = {1980},
  month = feb,
  institution = {{National Bureau of Economic Research}},
  doi = {10.3386/w0456},
  abstract = {Founded in 1920, the NBER is a private, non-profit, non-partisan organization dedicated to conducting economic research and to disseminating research findings among academics, public policy makers, and business professionals.},
  file = {/Users/vicky/Desktop/我的文件/Zotero/storage/EUL84S7I/Shiller - 1980 - Do Stock Prices Move Too Much to be Justified by S.pdf;/Users/vicky/Desktop/我的文件/Zotero/storage/8AL5XWZJ/w0456.html},
  language = {en},
  number = {w0456}
}

@article{shleiferPoliticiansFirms1994,
  title = {Politicians and {{Firms}}*},
  author = {Shleifer, Andrei and Vishny, Robert W.},
  year = {1994},
  month = nov,
  volume = {109},
  pages = {995--1025},
  issn = {0033-5533},
  doi = {10/c82zk5},
  abstract = {We present a model of bargaining between politicians and managers that explains many stylized facts about the behavior of state firms, their commercialization, and privatization. Subsidies to public enterprises and bribes from managers to politicians emerge naturally in the model. We use the model and several extensions to understand why commercialization and privatization might work, and what forces contribute to effective restructuring of public enterprises. We illustrate the model using examples from several countries.},
  file = {/Users/vicky/Desktop/我的文件/Zotero/storage/SWBVTA3J/politicians_firms.pdf;/Users/vicky/Desktop/我的文件/Zotero/storage/7D4RPDR2/1866508.html},
  journal = {The Quarterly Journal of Economics},
  number = {4}
}

@phdthesis{wangGuShiChangYongJiShuFenXiFangFaDeYouXiaoXingShiZhengYanJiu2010,
  title = {{股市常用技术分析方法的有效性实证研究}},
  author = {王, 劲松},
  year = {2010},
  abstract = {股市的分析方法一般分为技术派、基本分析派和学术派。技术分析派是利用股市本身的历史数据对未来进行预测；基本分析派是通过对上市公司的研究,包括财务状况、行业地位等寻找价值低估的公司作为投资对象；学术派以``有效市场理论''为代表,他们认为股价是随机波动的,任何信息都会立刻反映的股价中,因此任何的预测都是没有意义的,也就是说根本不需要通过分析来选择购买哪支股票,随机的选择就可以获得收益。我国股市只有二十多年的历史,我国股市是否达到``有效'',通过前人不断的研究,基本得出两种结论,一是,我国股市目前尚未达到``有效'',二是,我国股市目前已达到弱式有效。所以,只要理论金融界的研究没有得出我国股市已到达弱式有效,那么从学术研究的角度看技术分析方法还有一定的参考价值。基本分析对会计和经济学知识要求较高,理论派并不研究如何选股,如何买卖股票,这两种理论无法对中小投资者提供帮助,在现实中广大的中小投资者使用的还是技术分析方法。我们对技术分析的认识以及由此指导的实际操作,一方面,会直接指导我们个人投资的行为,另一方面,我们的合力又会影响我国证券市场的健康发展,所以,应对技术分析应进行深入研究。本文对技术分析方法进行了认真的梳理,对五大类技术分析方法的理论背景、应用条件、方法原理、在使用中的情况等进行归纳、总结和评价,特别是在使用中的效果进行了深入的探讨。最后,对新技术分析方法进行对比分析和研究。论文主要分为以下四个部分：第一部分对目前证券投资理论研究进行了简洁的回顾与总结,重点对技术分析方法的产生发展进行总结。国外技术分析研究经历了产生发展、进入低谷,上世纪90年代再度兴起的过程。由于我国股市历史不长,直接引进西方的研究成果,研究主要集中在检验市场是否有效上,而学术上对技术分析研究还不多见。因此,本文选题为技术分析方法的研究,目的是通过研究来确定技术分析方法在我国目前的股市是否还有一定的参考作用。第二部分对K线图、趋势理论、形态理论和波浪理论四类技术分析方法的理论背景、应用条件、方法的原理和在使用中的情况等进行了归纳、总结和评价,以及在使用中的效果进行研究。由于每位投资者对技术分析的方法有着各自的理解,反而使这些传统的技术分析方法获得了新生,不至于大家共同同时按分析发出的信号进行操作而使方法失效。第三部分对技术指标分析的理论、计算方法和交易规则进行了归纳、总结,并对MA.KDJ和MACD这三个技术指标进行了深入的研究。对不同的参数、不同的交易规则进行组合,用2006年至2010年的上证指数作为实证研究的样本。通过实证研究证明技术指标在短期预测和收益上与买入并持有策略比较有较为显著的盈利效果。第四部分对技术分析的新方法进行了理论上的分析与对比,结论是虽然新的分析方法能更深刻地刻画股市但是更着重于理论的研究,与传统技术分析方法相比较显得实用性较差,不是一般投资者所能掌握和应用的。本文对三个技术指标中的两个的实证研究是具有创新性的,特别是对MACD技术指标,本文新创了三个交易规则即DIF线最大卖出、最小买入;MACD柱最大卖出、最小买入;MACD向上、向下穿过0轴,即红柱卖出、绿柱买入,并对其进行实证研究,发现其超额收益显著,买卖信号准确。对KDJ指标分别用两种参数分别对7个交易规则进行实证检验,结果表明参数的变化对指标的收益率影响不大。通过本文的研究,技术分析方法不但没有消亡,反而有了新的发展。传统的技术分析方法已被广大中小投资者所掌握和应用。新兴的技术分析方法,相信随着计算机技术的进步,这包括硬件和软件两方面的进步,以及新的预测方法应用到股市中,特别是人们计算机应用水平的提高和知识层次的提升,必将使新的分析方法得到更广阔的应用和发展。},
  annotation = {20 citations(CNKI)[2021-3-11]},
  collaborator = {李, 南成},
  file = {/Users/vicky/Desktop/我的文件/Zotero/storage/QI8H6AXJ/王 - 2010 - 股市常用技术分析方法的有效性实证研究.pdf},
  keywords = {technical Analysis technical indicators empirical research,实证研究,技术分析,指标},
  language = {中文;},
  school = {西南财经大学},
  type = {{硕士}}
}

@article{wangJiBenMianFenXiZaiZhongGuoAGuShiChangYouYongMaLaiZiJiDuCaiWuBaoBiaoDeZhengJu2018,
  title = {{基本面分析在中国A股市场有用吗?\textemdash\textemdash 来自季度财务报表的证据}},
  shorttitle = {{基本面分析在中国A股市场有用吗?}},
  author = {汪, 荣飞 and 张, 然},
  year = {2018},
  volume = {12},
  pages = {81--105},
  abstract = {本文基于季度财务报表构建六组基本面指标,展示了在中国A股市场进行基本面分析的价值。研究发现,利用基本面指标能够有效预测未来盈余,并且分析师和投资者均未充分意识到基本面指标对未来盈余的指示作用,从而导致可预测的分析师盈余预测偏差和未来股票收益。利用基本面综合指标构建投资策略,套利组合可获得约12.7\%的年化收益。本文的结论对于理解会计信息价值、提高我国证券市场效率具有重要意义。},
  file = {/Users/vicky/Desktop/我的文件/Zotero/storage/5X7FMN2P/汪 和 张 - 2018 - 基本面分析在中国A股市场有用吗——来自季度财务报表的证据.pdf},
  journal = {金融学季刊},
  keywords = {fundamental analysis,market efficiency,quarterly financial statement,trading strategy,基本面分析,季度财务报表,市场效率,投资策略},
  language = {中文;},
  number = {01}
}

@article{wuZhongGuoGuPiaoShiChangRuoYouXiaoXingDeTongJiTaoLiJianYan2007,
  title = {{中国股票市场弱有效性的统计套利检验}},
  author = {吴, 振翔 and 陈, 敏},
  year = {2007},
  pages = {92--98},
  issn = {1000-6788},
  abstract = {简要介绍了统计套利的概念,并在Hogan等（2004）的基础上,采用证伪的方式来验证市场的有效性:只要有统计套利的存在,就与有效市场假定相违背.利用这种方法,还对我国A股市场的弱有效性加以检验,发现我国A股市场弱有效性不成立.},
  annotation = {205 citations(CNKI)[2021-3-11]{$<$}北大核心{$>$}},
  file = {/Users/vicky/Desktop/我的文件/Zotero/storage/BWR68W2Y/吴 和 陈 - 2007 - 中国股票市场弱有效性的统计套利检验.pdf},
  journal = {系统工程理论与实践},
  keywords = {market efficiency,statistical arbitrage,stock market,市场有效,统计套利,证券市场},
  language = {中文;},
  number = {02}
}

@article{yanFundamentalAnalysisCrossSection2017a,
  title = {Fundamental {{Analysis}} and the {{Cross}}-{{Section}} of {{Stock Returns}}: {{A Data}}-{{Mining Approach}}},
  shorttitle = {Fundamental {{Analysis}} and the {{Cross}}-{{Section}} of {{Stock Returns}}},
  author = {Yan, Xuemin (Sterling) and Zheng, Lingling},
  year = {2017},
  month = apr,
  volume = {30},
  pages = {1382--1423},
  issn = {0893-9454, 1465-7368},
  doi = {10.1093/rfs/hhx001},
  file = {/Users/vicky/Desktop/我的文件/Zotero/storage/DY8WXMQ4/Yan 和 Zheng - 2017 - Fundamental Analysis and the Cross-Section of Stoc.pdf;/Users/vicky/Desktop/我的文件/Zotero/storage/WYX4AQFT/Yan 和 Zheng - 2017 - Fundamental Analysis and the Cross-Section of Stoc.pdf},
  journal = {The Review of Financial Studies},
  keywords = {自用},
  language = {en},
  number = {4}
}

@article{zhangFenXiShiXiuZhengXinXiJiBenMianFenXiYuWeiLaiGuPiaoShouYi2017,
  title = {{分析师修正信息、基本面分析与未来股票收益}},
  author = {张, 然 and 汪, 荣飞 and 王, 胜华},
  year = {2017},
  pages = {156--174},
  issn = {1002-7246},
  abstract = {本文基于日历时间组合方法检验中国A股市场分析师修正信息的投资价值。研究发现,分析师发布的盈余预测修正和投资评级修正最具信息含量,投资者既未充分意识到两类修正的信息含量,也未充分意识到明星分析师和普通分析师能力的差别。根据分析师盈余预测修正和投资评级修正构建套利组合,能分别获得月均1.34\%和0.92\%的经三因子模型调整的超额收益。本文进一步指出,分析师修正信息的投资价值来源于其基本面分析的能力。分析师盈余预测修正和投资评级修正能够显著预测公司未来的盈利能力、标准化未预期盈余和盈余公告窗口期超额收益,并且套利组合的超额收益集中在盈余公告窗口期。本文的结论对于理解分析师在资本市场中发挥的作用、提高市场有效性具有重要意义。},
  file = {/Users/vicky/Desktop/我的文件/Zotero/storage/F4SN2JMZ/张 等。 - 2017 - 分析师修正信息、基本面分析与未来股票收益.pdf},
  journal = {金融研究},
  keywords = {Fundamental Analysis,Security Analyst,Stock Returns,Trading Strategies,分析师,基本面分析,投资策略,股票收益},
  language = {中文;},
  number = {07}
}

@article{zhangTouZiZheZhenDeShiLiXingDeMaXingWeiJinRongXueDuiFaMaDeShiChangYouXiaoJiaShuo2015e,
  title = {{投资者真的是理性的吗\textemdash\textemdash 行为金融学对法玛的``市场有效假说''的质疑与挑战}},
  author = {张, 元鹏},
  year = {2015},
  pages = {116--125},
  issn = {1002-1698},
  abstract = {美国著名经济学家尤金{$\cdot$}法玛在1970年提出的"市场有效假说"是现代金融学的重要理论基石,而"理性经济人假设"是该假说的核心。但是,现实金融市场上诸多"异象"使得市场有效假说常遭人质疑和挑战。在这种情况下,以心理学和社会学等为基础,且以人的"有限理性"为研究对象的"行为金融学"对这些金融"异象"的解释与分析就显得相当有说服力,有效地解决了当代主流金融学理论的许多问题,并提出了今后金融学研究的方向和思路。},
  annotation = {12 citations(CNKI)[2021-3-10]{$<$}北大核心, CSSCI{$>$}},
  file = {/Users/vicky/Desktop/我的文件/Zotero/storage/3BBH22QR/张 - 2015 - 投资者真的是理性的吗——行为金融学对法玛的“市场有效假说”的质疑与挑战.pdf},
  journal = {学术界},
  keywords = {市场有效假说(EMH),行为金融学,金融异象},
  language = {中文;},
  number = {01}
}

@article{zhaoJiQiXueXiZaiJinRongZiChanJieGeYuCeHePeiZhiZhongDeYingYongYanJiuShuPing2020,
  title = {{机器学习在金融资产价格预测和配置中的应用研究述评}},
  author = {赵, 琪 and 徐, 维军 and 季, 昱丞 and 刘, 桂芳 and 张, 卫国},
  year = {2020},
  volume = {17},
  pages = {1716--1728},
  issn = {1672-884X},
  abstract = {通过梳理机器学习在资产价格预测及配置中的应用与研究进展,简要阐述了当前文献的特点及其不足。在此基础上,总结了当前研究中机器学习的主要应用框架及其适用性和局限性,进一步讨论应用机器学习算法进行资产价格预测和配置研究未来可能的研究趋势。研究表明:机器学习方法能够挖掘和利用金融数据中包含的与资产价格变动相关的信息,做出对未来资产价格的准确预测或可盈利的资产配置决策;机器学习算法与金融理论的结合是未来研究的一个重要方向。},
  annotation = {{$<$}北大核心, CSSCI{$>$}},
  file = {/Users/vicky/Desktop/我的文件/Zotero/storage/NSEXGK2N/赵 等。 - 2020 - 机器学习在金融资产价格预测和配置中的应用研究述评.pdf},
  journal = {管理学报},
  keywords = {⛔ No DOI found,asset allocation,asset price forecasting,machine learning,机器学习,资产价格预测,资产配置},
  language = {中文;},
  number = {11}
}

@phdthesis{zhaoJiYuShiJianXuLieFenXiDeGuPiaoJieGeQuShiYuCeYanJiu2009,
  title = {{基于时间序列分析的股票价格趋势预测研究}},
  author = {赵, 国顺},
  year = {2009},
  abstract = {随着中国资本市场的迅速发展和居民收入水平的较大提高,越来越多的人参与到股票市场的投资中,希望能够实现财富的保值和增值。虽然股票是一个可能带来高回报的投资品种,但是同时它又是高风险的,其时刻变化不定的价格,让投资者感受到这个市场的复杂性,所以他们迫切需要一种理论来解释价格变动的原因,并需要一种科学的预测方法来指导投资,从而规避风险,获得较好的投资回报。股票价格的预测是一个世界性难题,但这项研究蕴含着巨大的潜在经济利益,所以吸引着全球许多的学者专家来对其进行研究。Fama在20世纪70年代提出了著名的有效市场假设,认为股票价格的波动是随机游走过程,将来的价格是不可预测的,人们不可能依靠分析历史价格信息和公开信息而获得超常收益。然而,近年来越来越多的实证研究表明,这种理论与事实不符合。为了更有效地解释证券市场的波动规律,Peters在20世纪90年代初提出了分形市场假说,强调证券市场信息接受程度和投资时间尺度对投资者行为的影响,认为所有稳定的市场都存在分形结构,证券价格在一定程度上存在可预测性。在承认股票价格存在可预测性的前提下,本文系统阐述了股票价格预测的各种方法,既包括传统的基本分析以及技术分析等方法,也包括基于时间序列分析的ARIMA和GARCH模型等现代预测方法,当然由于影响股票价格的因素众多,不可能用一种简单的模型或方法就能够完全预测其未来的涨跌情况。本文的创新之处主要体现在所采用的预测方法上,文献中常见的是用GARCH模型来对收益率的波动率进行估计,本文尝试使用GARCH模型和ARIMA模型对股价波动趋势进行短期预测。首先利用7日移动平均方法对上证指数日收盘价数据进行了适当的降噪处理,然后对此趋势序列进行了ARIMA建模和GARCH建模分析,并利用所建立的模型进行了短期趋势预测,发现有较好的短期预测效果,对提醒投资者注意风险以及帮助投资者把握买卖时机上有较强的现实意义和一定的实用价值。},
  annotation = {72 citations(CNKI)[2021-3-11]},
  collaborator = {陈, 珍珍},
  file = {/Users/vicky/Desktop/我的文件/Zotero/storage/ADS9WN35/赵 - 2009 - 基于时间序列分析的股票价格趋势预测研究.pdf},
  keywords = {forecast,stock price,time series,时间序列,股票价格,预测},
  language = {中文;},
  school = {厦门大学},
  type = {{硕士}}
}


